@inproceedings{gomez2006content,
  title={Content based SMS spam filtering},
  author={G{\'o}mez Hidalgo, Jos{\'e} Mar{\'\i}a and Bringas, Guillermo Cajigas and S{\'a}nz, Enrique Puertas and Garc{\'\i}a, Francisco Carrero},
  booktitle={Proceedings of the 2006 ACM symposium on Document engineering},
  pages={107--114},
  year={2006},
  organization={ACM}
}

@article{delany2012sms,
  title={SMS spam filtering: methods and data},
  author={Delany, Sarah Jane and Buckley, Mark and Greene, Derek},
  journal={Expert Systems with Applications},
  volume={39},
  number={10},
  pages={9899--9908},
  year={2012},
  publisher={Elsevier}
}

@inproceedings{yadav2011smsassassin,
  title={Smsassassin: Crowdsourcing driven mobile-based system for sms spam filtering},
  author={Yadav, Kuldeep and Kumaraguru, Ponnurangam and Goyal, Atul and Gupta, Ashish and Naik, Vinayak},
  booktitle={Proceedings of the 12th Workshop on Mobile Computing Systems and Applications},
  pages={1--6},
  year={2011},
  organization={ACM}
}

@article{cormack2008email,
  title={Email spam filtering: A systematic review},
  author={Cormack, Gordon V and others},
  journal={Foundations and Trends{\textregistered} in Information Retrieval},
  volume={1},
  number={4},
  pages={335--455},
  year={2008},
  publisher={Now Publishers, Inc.}
}

@article{blanzieri2008survey,
  title={A survey of learning-based techniques of email spam filtering},
  author={Blanzieri, Enrico and Bryl, Anton},
  journal={Artificial Intelligence Review},
  volume={29},
  number={1},
  pages={63--92},
  year={2008},
  publisher={Springer}
}

@inproceedings{mikolov2013distributed,
  title={Distributed representations of words and phrases and their compositionality},
  author={Mikolov, Tomas and Sutskever, Ilya and Chen, Kai and Corrado, Greg S and Dean, Jeff},
  booktitle={Advances in neural information processing systems},
  pages={3111--3119},
  year={2013}
}

@article{bojanowski2016enriching,
  title={Enriching word vectors with subword information},
  author={Bojanowski, Piotr and Grave, Edouard and Joulin, Armand and Mikolov, Tomas},
  journal={arXiv preprint arXiv:1607.04606},
  year={2016}
}

@inproceedings{pagliardini2017unsupervised,
  title = {{Unsupervised Learning of Sentence Embeddings using Compositional n-Gram Features}},
  author = {Pagliardini, Matteo and Gupta, Prakhar and Jaggi, Martin},
  booktitle={NAACL 2018 - Conference of the North American Chapter of the Association for Computational Linguistics},
  year={2018}
}


@article{yang1999evaluation,
  title={An evaluation of statistical approaches to text categorization},
  author={Yang, Yiming},
  journal={Information retrieval},
  volume={1},
  number={1-2},
  pages={69--90},
  year={1999},
  publisher={Springer}
}

@ARTICLE{6133257,
author={Q. Xu and E. W. Xiang and Q. Yang and J. Du and J. Zhong},
journal={IEEE Intelligent Systems},
title={SMS Spam Detection Using Noncontent Features},
year={2012},
volume={27},
number={6},
pages={44-51},
keywords={data mining;electronic messaging;unsolicited e-mail;SMS spam detection;graph data mining;noncontent features;service-side solution;short message service text messages;Classification algorithms;Electronic mail;Feature extraction;Short message services;Support vector machines;Telecommunications;Unsolicited electronic mail;Classification algorithms;Electronic mail;Feature extraction;SMS spam;Short Message Service;Short message services;Support vector machines;Telecommunications;Unsolicited electronic mail;data mining;social media spam;spam detection},
doi={10.1109/MIS.2012.3},
ISSN={1541-1672},
month={Nov},}

@incollection{sulaiman2016new,
  title={A new SMS spam detection method using both content-based and non content-based features},
  author={Sulaiman, Nurul Fadhilah and Jali, Mohd Zalisham},
  booktitle={Advanced Computer and Communication Engineering Technology},
  pages={505--514},
  year={2016},
  publisher={Springer}
}

@article{liu1989limited,
  title={On the limited memory BFGS method for large scale optimization},
  author={Liu, Dong C and Nocedal, Jorge},
  journal={Mathematical programming},
  volume={45},
  number={1-3},
  pages={503--528},
  year={1989},
  publisher={Springer}
}

@article{DBLP:journals/corr/KingmaB14,
  author    = {Diederik P. Kingma and
               Jimmy Ba},
  title     = {Adam: {A} Method for Stochastic Optimization},
  journal   = {CoRR},
  volume    = {abs/1412.6980},
  year      = {2014},
  url       = {http://arxiv.org/abs/1412.6980},
  archivePrefix = {arXiv},
  eprint    = {1412.6980},
  timestamp = {Wed, 07 Jun 2017 14:40:52 +0200},
  biburl    = {https://dblp.org/rec/bib/journals/corr/KingmaB14},
  bibsource = {dblp computer science bibliography, https://dblp.org}
}

@article{freund1999short,
  title={A short introduction to boosting},
  author={Freund, Yoav and Schapire, Robert and Abe, Naoki},
  journal={Journal-Japanese Society For Artificial Intelligence},
  volume={14},
  number={771-780},
  pages={1612},
  year={1999},
  publisher={JAPANESE SOC ARTIFICIAL INTELL}
}

@article{freund1997decision,
  title={A decision-theoretic generalization of on-line learning and an application to boosting},
  author={Freund, Yoav and Schapire, Robert E},
  journal={Journal of computer and system sciences},
  volume={55},
  number={1},
  pages={119--139},
  year={1997},
  publisher={Elsevier}
}

@article{hastie2009multi,
  title={Multi-class adaboost},
  author={Hastie, Trevor and Rosset, Saharon and Zhu, Ji and Zou, Hui},
  journal={Statistics and its Interface},
  volume={2},
  number={3},
  pages={349--360},
  year={2009},
  publisher={International Press of Boston}
}
