@inproceedings{christensen2013towards,
  title={Towards coherent multi-document summarization},
  author={Christensen, Janara and Soderland, Stephen and Etzioni, Oren and others},
  booktitle={Proceedings of the 2013 conference of the North American chapter of the association for computational linguistics: Human language technologies},
  pages={1163--1173},
  year={2013}
}

@inproceedings{Pageetal98,
  added-at = {2008-01-09T21:02:24.000+0100},
  address = {Brisbane, Australia},
  author = {Page, L. and Brin, S. and Motwani, R. and Winograd, T.},
  biburl = {https://www.bibsonomy.org/bibtex/2ac49c33e114ca171db40cece6a0ae4d6/sac},
  booktitle = {Proceedings of the 7th International World Wide Web Conference},
  interhash = {ca10cf0b0dd668c64b1f378ff0775849},
  intrahash = {ac49c33e114ca171db40cece6a0ae4d6},
  keywords = {2007 kde pagerank seminar web},
  pages = {161--172},
  timestamp = {2008-01-09T21:02:24.000+0100},
  title = {The PageRank citation ranking: Bringing order to the Web},
  url = {citeseer.nj.nec.com/page98pagerank.html},
  year = 1998
}

@inproceedings{Carbonell1998,
 author = {Carbonell, Jaime and Goldstein, Jade},
 title = {The Use of MMR, Diversity-based Reranking for Reordering Documents and Producing Summaries},
 booktitle = {Proceedings of the 21st Annual International ACM SIGIR Conference on Research and Development in Information Retrieval},
 series = {SIGIR '98},
 year = {1998},
 isbn = {1-58113-015-5},
 location = {Melbourne, Australia},
 pages = {335--336},
 numpages = {2},
 url = {http://doi.acm.org/10.1145/290941.291025},
 doi = {10.1145/290941.291025},
 acmid = {291025},
 publisher = {ACM},
 address = {New York, NY, USA},
} 

@article{mann88b,
  added-at = {2009-01-09T14:20:21.000+0100},
  author = {Mann, William C. and Thompson, Sandra A.},
  biburl = {https://www.bibsonomy.org/bibtex/2a0c2d881eea2368bbf1a82df43c74b4b/dominikb1888},
  citeulike-article-id = {1357206},
  description = {CiteULike: Rhetorical structure theory: Toward a functional theory of text organization},
  interhash = {e8feceeba43734d376da50554b8071d2},
  intrahash = {a0c2d881eea2368bbf1a82df43c74b4b},
  journal = {Text},
  keywords = {diplomarbeit publishing scientific semantic},
  number = 3,
  pages = {243--281},
  posted-at = {2007-06-02 14:19:48},
  priority = {2},
  timestamp = {2010-12-09T12:52:02.000+0100},
  title = {Rhetorical structure theory: Toward a functional theory of text organization},
  volume = 8,
  year = 1988
}


@inproceedings{pgj2017unsup,
  title = {{Unsupervised Learning of Sentence Embeddings using Compositional n-Gram Features}},
  author = {Pagliardini, Matteo and Gupta, Prakhar and Jaggi, Martin},
  booktitle={NAACL 2018 - Conference of the North American Chapter of the Association for Computational Linguistics},
  year={2018}
}

@article{Erkan2004,
 author = {Erkan, G\"{u}nes and Radev, Dragomir R.},
 title = {LexRank: Graph-based Lexical Centrality As Salience in Text Summarization},
 journal = {J. Artif. Int. Res.},
 issue_date = {July 2004},
 volume = {22},
 number = {1},
 month = dec,
 year = {2004},
 issn = {1076-9757},
 pages = {457--479},
 numpages = {23},
 url = {http://dl.acm.org/citation.cfm?id=1622487.1622501},
 acmid = {1622501},
 publisher = {AI Access Foundation},
 address = {USA},
 }
 
@inproceedings{cho-gru,
     author = {Cho, Kyunghyun and van Merri{\"{e}}nboer, Bart and G{\"{u}}l{\c c}ehre, {\c C}ağlar and Bahdanau, Dzmitry and Bougares, Fethi and Schwenk, Holger and Bengio, Yoshua},
      title = {Learning Phrase Representations using RNN Encoder--Decoder for Statistical Machine Translation},
  booktitle = {Proceedings of the 2014 Conference on Empirical Methods in Natural Language Processing (EMNLP)},
       year = {2014},
      pages = {1724--1734},
  publisher = {Association for Computational Linguistics},
    address = {Doha, Qatar},
        url = {http://www.aclweb.org/anthology/D14-1179}
}

BibTeX | EndNote | ACM Ref
@inproceedings{Galley2006,
 author = {Galley, Michel},
 title = {A Skip-chain Conditional Random Field for Ranking Meeting Utterances by Importance},
 booktitle = {Proceedings of the 2006 Conference on Empirical Methods in Natural Language Processing},
 series = {EMNLP '06},
 year = {2006},
 isbn = {1-932432-73-6},
 location = {Sydney, Australia},
 pages = {364--372},
 numpages = {9},
 url = {http://dl.acm.org/citation.cfm?id=1610075.1610126},
 acmid = {1610126},
 publisher = {Association for Computational Linguistics},
 address = {Stroudsburg, PA, USA},
} 



@ARTICLE{cho-al-emnlp142,
    author = {Chung, Junyoung and G{\"{u}}l{\c c}ehre, {\c C}ağlar and Cho, Kyunghyun and Bengio, Yoshua},
     title = {Empirical Evaluation of Gated Recurrent Neural Networks on Sequence Modeling},
   journal = {NIPS Deep Learning Workshop, 2014},
      year = {2014},
      note = {Presented at the Deep Learning workshop at NIPS2014},
       url = {https://arxiv.org/abs/1412.3555}
}


@inproceedings{Nenkova2006,
 author = {Nenkova, Ani and Vanderwende, Lucy and McKeown, Kathleen},
 title = {A Compositional Context Sensitive Multi-document Summarizer: Exploring the Factors That Influence Summarization},
 booktitle = {Proceedings of the 29th Annual International ACM SIGIR Conference on Research and Development in Information Retrieval},
 series = {SIGIR '06},
 year = {2006},
 isbn = {1-59593-369-7},
 location = {Seattle, Washington, USA},
 pages = {573--580},
 numpages = {8},
 url = {http://doi.acm.org/10.1145/1148170.1148269},
 doi = {10.1145/1148170.1148269},
 acmid = {1148269},
 publisher = {ACM},
 address = {New York, NY, USA},
 keywords = {compositionality, context-sensitivity, frequency, multi-document summarization},
} 

@inproceedings{li2007multi,
  title={Multi-document summarization using support vector regression},
  author={Li, Sujian and Ouyang, You and Wang, Wei and Sun, Bin},
  organization={Citeseer},
  booktitle={In Proceedings of DUC.},
  year={2007}
}

@article{bennani2018embedrank,
  title={EmbedRank: Unsupervised Keyphrase Extraction using Sentence Embeddings},
  author={Bennani-Smires, Kamil and Musat, Claudiu and Jaggi, Martin and Hossmann, Andreea and Baeriswyl, Michael},
  journal={arXiv preprint arXiv:1801.04470},
  year={2018}
}

@article{conroy2011classy,
  title={CLASSY 2011 at TAC: Guided and Multi-lingual Summaries and Evaluation Metrics.},
  author={Conroy, John M and Schlesinger, Judith D and Kubina, Jeff and Rankel, Peter A and O'Leary, Dianne P},
  journal={TAC},
  volume={11},
  pages={1--8},
  year={2011}
}

@inproceedings{li2013using,
  title={Using supervised bigram-based ilp for extractive summarization},
  author={Li, Chen and Qian, Xian and Liu, Yang},
  booktitle={Proceedings of the 51st Annual Meeting of the Association for Computational Linguistics (Volume 1: Long Papers)},
  volume={1},
  pages={1004--1013},
  year={2013}
}

@inproceedings{Conroy2006,
 author = {Conroy, John M. and Schlesinger, Judith D. and O'Leary, Dianne P.},
 title = {Topic-focused Multi-document Summarization Using an Approximate Oracle Score},
 booktitle = {Proceedings of the COLING/ACL on Main Conference Poster Sessions},
 series = {COLING-ACL '06},
 year = {2006},
 location = {Sydney, Australia},
 pages = {152--159},
 numpages = {8},
 url = {http://dl.acm.org/citation.cfm?id=1273073.1273093},
 acmid = {1273093},
 publisher = {Association for Computational Linguistics},
 address = {Stroudsburg, PA, USA},
} 

@article{mani2017multi,
  title={Multi-Document Summarization using Distributed Bag-of-Words Model},
  author={Mani, Kaustubh and Verma, Ishan and Dey, Lipika},
  journal={arXiv preprint arXiv:1710.02745},
  year={2017}
}

@inproceedings{Haghighi2009,
 author = {Haghighi, Aria and Vanderwende, Lucy},
 title = {Exploring Content Models for Multi-document Summarization},
 booktitle = {Proceedings of Human Language Technologies: The 2009 Annual Conference of the North American Chapter of the Association for Computational Linguistics},
 series = {NAACL '09},
 year = {2009},
 isbn = {978-1-932432-41-1},
 location = {Boulder, Colorado},
 pages = {362--370},
 numpages = {9},
 url = {http://dl.acm.org/citation.cfm?id=1620754.1620807},
 acmid = {1620807},
 publisher = {Association for Computational Linguistics},
 address = {Stroudsburg, PA, USA},
} 

@article{Hochreiter1997,
 author = {Hochreiter, Sepp and Schmidhuber, J\"{u}rgen},
 title = {Long Short-Term Memory},
 journal = {Neural Comput.},
 issue_date = {November 15, 1997},
 volume = {9},
 number = {8},
 month = nov,
 year = {1997},
 issn = {0899-7667},
 pages = {1735--1780},
 numpages = {46},
 url = {http://dx.doi.org/10.1162/neco.1997.9.8.1735},
 doi = {10.1162/neco.1997.9.8.1735},
 acmid = {1246450},
 publisher = {MIT Press},
 address = {Cambridge, MA, USA},
} 

@article{radev2004centroid,
  title={Centroid-based summarization of multiple documents},
  author={Radev, Dragomir R and Jing, Hongyan and Sty{\'s}, Ma{\l}gorzata and Tam, Daniel},
  journal={Information Processing \& Management},
  volume={40},
  number={6},
  pages={919--938},
  year={2004},
  publisher={Elsevier}
}

@inproceedings{pennington2014glove,
  author = {Jeffrey Pennington and Richard Socher and Christopher D. Manning},
  booktitle = {Empirical Methods in Natural Language Processing (EMNLP)},
  title = {GloVe: Global Vectors for Word Representation},
  year = {2014},
  pages = {1532--1543},
  url = {http://www.aclweb.org/anthology/D14-1162},
}

@inproceedings{conroy2004left,
  title={Left-brain/right-brain multi-document summarization},
  author={Conroy, John M and Schlesinger, Judith D and Goldstein, Jade and O’leary, Dianne P},
  booktitle={Proceedings of the Document Understanding Conference (DUC 2004)},
  year={2004}
}

@article{KipfW16,
  author    = {Thomas N. Kipf and
               Max Welling},
  title     = {Semi-Supervised Classification with Graph Convolutional Networks},
journal={International Conference on Learning Representations},
  year={2017},
  url       = {http://arxiv.org/abs/1609.02907},
  eprint    = {1609.02907},
  timestamp = {Wed, 07 Jun 2017 14:41:59 +0200},
  biburl    = {https://dblp.org/rec/bib/journals/corr/KipfW16},
  bibsource = {dblp computer science bibliography, https://dblp.org}
}

@article{ClevertUH15,
  author    = {Djork{-}Arn{\'{e}} Clevert and
               Thomas Unterthiner and
               Sepp Hochreiter},
  title     = {Fast and Accurate Deep Network Learning by Exponential Linear Units
               (ELUs)},
journal={International Conference on Learning Representations},
  year={2016},
  url       = {http://arxiv.org/abs/1511.07289},
  eprint    = {1511.07289},
  timestamp = {Wed, 07 Jun 2017 14:40:17 +0200},
  biburl    = {https://dblp.org/rec/bib/journals/corr/ClevertUH15},
  bibsource = {dblp computer science bibliography, https://dblp.org}
}

@INPROCEEDINGS{Mihalcea_alanguage,
    author = {Rada Mihalcea and Paul Tarau},
    title = {A language independent algorithm for single and multiple document summarization},
    booktitle = {In Proceedings of IJCNLP’2005},
    year = {}
}

@inproceedings{Mei20101,
 author = {Mei, Qiaozhu and Guo, Jian and Radev, Dragomir},
 title = {DivRank: The Interplay of Prestige and Diversity in Information Networks},
 booktitle = {Proceedings of the 16th ACM SIGKDD International Conference on Knowledge Discovery and Data Mining},
 series = {KDD '10},
 year = {2010},
 isbn = {978-1-4503-0055-1},
 location = {Washington, DC, USA},
 pages = {1009--1018},
 numpages = {10},
 url = {http://doi.acm.org/10.1145/1835804.1835931},
 doi = {10.1145/1835804.1835931},
 acmid = {1835931},
 publisher = {ACM},
 address = {New York, NY, USA},
 keywords = {diversity, information networks, ranking, reinforced random walk},
} 

@inproceedings{Wan2008,
 author = {Wan, Xiaojun and Yang, Jianwu},
 title = {Multi-document Summarization Using Cluster-based Link Analysis},
 booktitle = {Proceedings of the 31st Annual International ACM SIGIR Conference on Research and Development in Information Retrieval},
 series = {SIGIR '08},
 year = {2008},
 isbn = {978-1-60558-164-4},
 location = {Singapore, Singapore},
 pages = {299--306},
 numpages = {8},
 url = {http://doi.acm.org/10.1145/1390334.1390386},
 doi = {10.1145/1390334.1390386},
 acmid = {1390386},
 publisher = {ACM},
 address = {New York, NY, USA},
 keywords = {HITS, cluster-based link analysis, conditional Markov random walk model, multi-document summarization},
} 

@article{ANTIQUEIRA2009584,
title = "A complex network approach to text summarization",
journal = "Information Sciences",
volume = "179",
number = "5",
pages = "584 - 599",
year = "2009",
note = "Special Section - Quantum Structures: Theory and Applications",
issn = "0020-0255",
doi = "https://doi.org/10.1016/j.ins.2008.10.032",
url = "http://www.sciencedirect.com/science/article/pii/S0020025508004520",
author = "Lucas Antiqueira and Osvaldo N. Oliveira and Luciano da Fontoura Costa and Maria das Graças Volpe Nunes",
keywords = "Automatic summarization, Complex networks, Network measurements, Sentence extraction, Summary informativeness"
}

@inproceedings{Wan2006,
 author = {Wan, Xiaojun and Yang, Jianwu},
 title = {Improved Affinity Graph Based Multi-document Summarization},
 booktitle = {Proceedings of the Human Language Technology Conference of the NAACL, Companion Volume: Short Papers},
 series = {NAACL-Short '06},
 year = {2006},
 location = {New York, New York},
 pages = {181--184},
 numpages = {4},
 url = {http://dl.acm.org/citation.cfm?id=1614049.1614095},
 acmid = {1614095},
 publisher = {Association for Computational Linguistics},
 address = {Stroudsburg, PA, USA},
} 

@inproceedings{Radev2000,
 author = {Radev, Dragomir R.},
 title = {A Common Theory of Information Fusion from Multiple Text Sources Step One: Cross-document Structure},
 booktitle = {Proceedings of the 1st SIGdial Workshop on Discourse and Dialogue - Volume 10},
 series = {SIGDIAL '00},
 year = {2000},
 location = {Hong Kong},
 pages = {74--83},
 numpages = {10},
 url = {https://doi.org/10.3115/1117736.1117745},
 doi = {10.3115/1117736.1117745},
 acmid = {1117745},
 publisher = {Association for Computational Linguistics},
 address = {Stroudsburg, PA, USA},
} 

@article{wiki2018,
  author    = {Peter J. Liu and
               Mohammad Saleh and
               Etienne Pot and
               Ben Goodrich and
               Ryan Sepassi and
               Lukasz Kaiser and
               Noam Shazeer},
  title     = {Generating Wikipedia by Summarizing Long Sequences},
journal={International Conference on Learning Representations},
  year={2018},
  url       = {http://arxiv.org/abs/1801.10198},
  archivePrefix = {arXiv},
  eprint    = {1801.10198},
  timestamp = {Fri, 02 Feb 2018 00:00:00 +0100},
  biburl    = {https://dblp.org/rec/bib/journals/corr/abs-1801-10198},
  bibsource = {dblp computer science bibliography, https://dblp.org}
}

@inproceedings{KlambauerUMH17,
  author    = {G{\"{u}}nter Klambauer and
               Thomas Unterthiner and
               Andreas Mayr and
               Sepp Hochreiter},
  title     = {Self-Normalizing Neural Networks},
  booktitle = {Advances in Neural Information Processing Systems 30: Annual Conference
               on Neural Information Processing Systems 2017, 4-9 December 2017,
               Long Beach, CA, {USA}},
  pages     = {972--981},
  year      = {2017},
  crossref  = {DBLP:conf/nips/2017},
  url       = {http://papers.nips.cc/paper/6698-self-normalizing-neural-networks},
  timestamp = {Mon, 27 Nov 2017 12:38:16 +0100},
  biburl    = {https://dblp.org/rec/bib/conf/nips/KlambauerUMH17},
  bibsource = {dblp computer science bibliography, https://dblp.org}
}

@inproceedings{li2018deeper,
        title = "{Deeper Insights into Graph Convolutional Networks for Semi-Supervised Learning}",
       author = {{Li}, Q. and {Han}, Z. and {Wu}, X.-M.},
    booktitle = {The Thirty-Second AAAI Conference on Artificial Intelligence},
         year = {2018},
 organization = {AAAI},
}

@article{BahdanauCB14,
    author = {Bahdanau, Dzmitry and Cho, Kyunghyun and Bengio, Yoshua},
  keywords = {Computer Science - Computation and Language, Computer Science - Learning, Computer Science - Neural and Evolutionary Computing, Statistics - Machine Learning},
     month = sep,
     title = {Neural Machine Translation by Jointly Learning to Align and Translate},
journal={International Conference on Learning Representations},
  year={2015},
       url = {https://arxiv.org/abs/1409.0473},
}


@inproceedings{vinyals2015pointer,
  title={Pointer networks},
  author={Vinyals, Oriol and Fortunato, Meire and Jaitly, Navdeep},
  booktitle={Advances in Neural Information Processing Systems},
  pages={2692--2700},
  year={2015}
}

@InProceedings{Yasunaga17,
  author =  {Yasunaga, Michihiro and Zhang, Rui and Meelu, Kshitijh and Pareek, Ayush and Srinivasan, Krishnan and Radev, Dragomir R.},
  title =   {Graph-based Neural Multi-Document Summarization},
  year =    {2017},  
  booktitle =   {Proceedings of CoNLL-2017},  
  publisher =   {Association for Computational Linguistics},
}

@inproceedings{cao2015ranking,
 author = {Cao, Ziqiang and Wei, Furu and Dong, Li and Li, Sujian and Zhou, Ming},
 title = {Ranking with Recursive Neural Networks and Its Application to Multi-document Summarization},
 booktitle = {Proceedings of the Twenty-Ninth AAAI Conference on Artificial Intelligence},
 series = {AAAI'15},
 year = {2015},
 isbn = {0-262-51129-0},
 location = {Austin, Texas},
 pages = {2153--2159},
 numpages = {7},
 url = {http://dl.acm.org/citation.cfm?id=2886521.2886620},
 acmid = {2886620},
 publisher = {AAAI Press},
} 

@inproceedings{Mihalcea04TextRank,
  added-at = {2010-03-05T20:13:35.000+0100},
  author = {Mihalcea, R. and Tarau, P.},
  biburl = {https://www.bibsonomy.org/bibtex/20d96cef99428b30c4a5ac67241b34e45/lee_peck},
  booktitle = {Proceedings of {EMNLP-04}and the 2004 Conference on Empirical Methods 	in Natural Language Processing},
  interhash = {96f84312a3d752053ca89636151aab51},
  intrahash = {0d96cef99428b30c4a5ac67241b34e45},
  keywords = {04 Mihalcea TextRank extraction graph keyword text},
  location = {Barcelonaand Spain},
  month = {July},
  timestamp = {2010-03-05T20:13:35.000+0100},
  title = {{TextRank}: Bringing Order into Texts},
  year = 2004
}


@inproceedings{hong2014improving,
  title={Improving the estimation of word importance for news multi-document summarization},
  author={Hong, Kai and Nenkova, Ani},
  booktitle={Proceedings of the 14th Conference of the European Chapter of the Association for Computational Linguistics},
  pages={712--721},
  year={2014}
}

@article{erkan2004lexrank,
  title={Lexrank: Graph-based lexical centrality as salience in text summarization},
  author={Erkan, G{\"u}nes and Radev, Dragomir R},
  journal={Journal of Artificial Intelligence Research},
  volume={22},
  pages={457--479},
  year={2004}
}

@inproceedings{Lin2004,
  added-at = {2011-03-14T01:04:41.000+0100},
  address = {Barcelona, Spain},
  author = {Lin, C. Y.},
  biburl = {https://www.bibsonomy.org/bibtex/2c2a67a14fc100bd18080c935cbda6c1e/lantiq},
  booktitle = {Proceedings of the Workshop on Text Summarization Branches Out (WAS)},
  file = {full text:Lin2004.pdf:PDF},
  groups = {public},
  interhash = {21c182e3172dd7e2be8d7aa530cb435d},
  intrahash = {c2a67a14fc100bd18080c935cbda6c1e},
  keywords = {language summarization NLP},
  month = {July 25-26},
  timestamp = {2011-08-28T03:09:04.000+0200},
  title = {{ROUGE}: A Package for Automatic Evaluation of Summaries},
  username = {lantiq},
  year = 2004
}

@article{Srivastava2014,
 author = {Srivastava, Nitish and Hinton, Geoffrey and Krizhevsky, Alex and Sutskever, Ilya and Salakhutdinov, Ruslan},
 title = {Dropout: A Simple Way to Prevent Neural Networks from Overfitting},
 journal = {J. Mach. Learn. Res.},
 issue_date = {January 2014},
 volume = {15},
 number = {1},
 month = jan,
 year = {2014},
 issn = {1532-4435},
 pages = {1929--1958},
 numpages = {30},
 url = {http://dl.acm.org/citation.cfm?id=2627435.2670313},
 acmid = {2670313},
 publisher = {JMLR.org},
 keywords = {deep learning, model combination, neural networks, regularization},
} 

@article{KingmaB14,
  added-at = {2015-01-01T00:00:00.000+0100},
  author = {Kingma, Diederik P. and Ba, Jimmy},
  biburl = {https://www.bibsonomy.org/bibtex/23b0328784dbfce338ba0dd2618a7a059/dblp},
  ee = {http://arxiv.org/abs/1412.6980},
  interhash = {57d2ac873f398f21bb94790081e80394},
  intrahash = {3b0328784dbfce338ba0dd2618a7a059},
  keywords = {dblp},
  timestamp = {2015-06-18T04:22:29.000+0200},
  title = {Adam: A Method for Stochastic Optimization.},
  url = {http://dblp.uni-trier.de/db/journals/corr/corr1412.html#KingmaB14},
journal={International Conference on Learning Representations},
  year={2015},
}

@inproceedings{CaoLLW17,
  author    = {Ziqiang Cao and
               Wenjie Li and
               Sujian Li and
               Furu Wei},
  title     = {Improving Multi-Document Summarization via Text Classification},
  booktitle = {Proceedings of the Thirty-First {AAAI} Conference on Artificial Intelligence,
               February 4-9, 2017, San Francisco, California, {USA.}},
  pages     = {3053--3059},
  year      = {2017},
  crossref  = {DBLP:conf/aaai/2017},
  url       = {http://aaai.org/ocs/index.php/AAAI/AAAI17/paper/view/14525},
  timestamp = {Mon, 06 Mar 2017 11:36:24 +0100},
  biburl    = {https://dblp.org/rec/bib/conf/aaai/CaoLLW17},
  bibsource = {dblp computer science bibliography, https://dblp.org}
}

@inproceedings{Owczarzak2012,
 author = {Owczarzak, Karolina and Conroy, John M. and Dang, Hoa Trang and Nenkova, Ani},
 title = {An Assessment of the Accuracy of Automatic Evaluation in Summarization},
 booktitle = {Proceedings of Workshop on Evaluation Metrics and System Comparison for Automatic Summarization},
 year = {2012},
 location = {Montreal, Canada},
 pages = {1--9},
 numpages = {9},
 url = {http://dl.acm.org/citation.cfm?id=2391258.2391259},
 acmid = {2391259},
 publisher = {Association for Computational Linguistics},
 address = {Stroudsburg, PA, USA},
} 
