@article{DYER2017221,
title = "The evolution of 10-K textual disclosure: Evidence from Latent Dirichlet Allocation",
journal = "Journal of Accounting and Economics",
volume = "64",
number = "2",
pages = "221 - 245",
year = "2017",
issn = "0165-4101",
doi = "https://doi.org/10.1016/j.jacceco.2017.07.002",
url = "http://www.sciencedirect.com/science/article/pii/S0165410117300484",
author = "Travis Dyer and Mark Lang and Lorien Stice-Lawrence",
keywords = "Disclosure regulation, Textual analysis, Latent Dirichlet Allocation, Financial reporting"
}

@article{miller2017discussion,
  title={Discussion of “the evolution of 10-K textual disclosure: Evidence from Latent Dirichlet Allocation”},
  author={Miller, Gregory S},
  journal={Journal of Accounting and Economics},
  volume={64},
  number={2-3},
  pages={246--252},
  year={2017},
  publisher={Elsevier}
}

@article{rekabsaz2017volatility,
  title={Volatility Prediction using Financial Disclosures Sentiments with Word Embedding-based IR Models},
  author={Rekabsaz, Navid and Lupu, Mihai and Baklanov, Artem and Hanbury, Allan and D{\"u}r, Alexander and Anderson, Linda},
  journal={arXiv preprint arXiv:1702.01978},
  year={2017}
}

@inproceedings{kogan2009predicting,
  title={Predicting risk from financial reports with regression},
  author={Kogan, Shimon and Levin, Dimitry and Routledge, Bryan R and Sagi, Jacob S and Smith, Noah A},
  booktitle={Proceedings of Human Language Technologies: The 2009 Annual Conference of the North American Chapter of the Association for Computational Linguistics},
  pages={272--280},
  year={2009},
  organization={Association for Computational Linguistics}
}

@article{sun2017discovering,
  title={Discovering themes and trends in transportation research using topic modeling},
  author={Sun, Lijun and Yin, Yafeng},
  journal={Transportation Research Part C: Emerging Technologies},
  volume={77},
  pages={49--66},
  year={2017},
  publisher={Elsevier}
}

@inproceedings{TsaiW14,
  author    = {Ming{-}Feng Tsai and
               Chuan{-}Ju Wang},
  title     = {Financial Keyword Expansion via Continuous Word Vector Representations},
  booktitle = {Proceedings of the 2014 Conference on Empirical Methods in Natural
               Language Processing, {EMNLP} 2014, October 25-29, 2014, Doha, Qatar,
               {A} meeting of SIGDAT, a Special Interest Group of the {ACL}},
  pages     = {1453--1458},
  year      = {2014},
  crossref  = {DBLP:conf/emnlp/2014},
  url       = {http://aclweb.org/anthology/D/D14/D14-1152.pdf},
  timestamp = {Sat, 15 Nov 2014 14:12:40 +0100},
  biburl    = {http://dblp.org/rec/bib/conf/emnlp/TsaiW14},
  bibsource = {dblp computer science bibliography, http://dblp.org}
}

@article{TsaiW17,
  author    = {Ming{-}Feng Tsai and
               Chuan{-}Ju Wang},
  title     = {On the risk prediction and analysis of soft information in finance
               reports},
  journal   = {European Journal of Operational Research},
  volume    = {257},
  number    = {1},
  pages     = {243--250},
  year      = {2017},
  url       = {https://doi.org/10.1016/j.ejor.2016.06.069},
  doi       = {10.1016/j.ejor.2016.06.069},
  timestamp = {Tue, 06 Jun 2017 01:00:00 +0200},
  biburl    = {http://dblp.org/rec/bib/journals/eor/TsaiW17},
  bibsource = {dblp computer science bibliography, http://dblp.org}
}

@inproceedings{Liu2016,
 author = {Liu, Yu-Wen and Liu, Liang-Chih and Wang, Chuan-Ju and Tsai, Ming-Feng},
 title = {FIN10K: A Web-based Information System for Financial Report Analysis and Visualization},
 booktitle = {Proceedings of the 25th ACM International on Conference on Information and Knowledge Management},
 series = {CIKM '16},
 year = {2016},
 isbn = {978-1-4503-4073-1},
 location = {Indianapolis, Indiana, USA},
 pages = {2441--2444},
 numpages = {4},
 url = {http://doi.acm.org/10.1145/2983323.2983328},
 doi = {10.1145/2983323.2983328},
 acmid = {2983328},
 publisher = {ACM},
 address = {New York, NY, USA},
 keywords = {data visualization, text mining, web-based system},
} 

@inproceedings{tsai2013risk,
  title={Risk ranking from financial reports},
  author={Tsai, Ming-Feng and Wang, Chuan-Ju},
  booktitle={European Conference on Information Retrieval},
  pages={804--807},
  year={2013},
  organization={Springer}
}

@inproceedings{DasZD15,
  added-at = {2015-08-02T00:00:00.000+0200},
  author = {Das, Rajarshi and Zaheer, Manzil and Dyer, Chris},
  biburl = {https://www.bibsonomy.org/bibtex/2885542171ba669a32f42d14c3483b972/dblp},
  booktitle = {ACL (1)},
  crossref = {conf/acl/2015-1},
  ee = {http://aclweb.org/anthology/P/P15/P15-1077.pdf},
  interhash = {d910c4c411ea37b3a375a5bbde0f1234},
  intrahash = {885542171ba669a32f42d14c3483b972},
  isbn = {978-1-941643-72-3},
  keywords = {dblp},
  pages = {795-804},
  publisher = {The Association for Computer Linguistics},
  timestamp = {2015-08-04T11:41:15.000+0200},
  title = {Gaussian LDA for Topic Models with Word Embeddings.},
  url = {http://dblp.uni-trier.de/db/conf/acl/acl2015-1.html#DasZD15},
  year = 2015
}

@inproceedings{li2016generative,
  title={Generative Topic Embedding: a Continuous Representation of Documents.},
  author={Li, Shaohua and Chua, Tat-Seng and Zhu, Jun and Miao, Chunyan},
  booktitle={ACL (1)},
  year={2016}
}

@article{TACL582,
        author = {Dat Quoc Nguyen and Richard Billingsley and Lan Du and Mark Johnson},
        title = {{Improving Topic Models with Latent Feature Word Representations}},
        journal = {Transactions of the Association for Computational Linguistics},
        volume = {3},
        year = {2015},
	pages = {299--313},
        keywords = {},
        issn = {2307-387X},
        url = {https://tacl2013.cs.columbia.edu/ojs/index.php/tacl/article/view/582}
}

@inproceedings{BatmanghelichSN16,
  author    = {Kayhan Batmanghelich and
               Ardavan Saeedi and
               Karthik Narasimhan and
               Samuel Gershman},
  title     = {Nonparametric Spherical Topic Modeling with Word Embeddings},
  booktitle = {Proceedings of the 54th Annual Meeting of the Association for Computational
               Linguistics, {ACL} 2016, August 7-12, 2016, Berlin, Germany, Volume
               2: Short Papers},
  year      = {2016},
  crossref  = {DBLP:conf/acl/2016-2},
  url       = {http://aclweb.org/anthology/P/P16/P16-2087.pdf},
  timestamp = {Tue, 16 Aug 2016 10:16:33 +0200},
  biburl    = {http://dblp.org/rec/bib/conf/acl/BatmanghelichSN16},
  bibsource = {dblp computer science bibliography, http://dblp.org}
}

@article{schneider2017topic,
  title={Topic Modeling based on Keywords and Context},
  author={Schneider, Johannes},
  journal={arXiv preprint arXiv:1710.02650},
  year={2017}
}

@article{blei2003latent,
  title={Latent dirichlet allocation},
  author={Blei, David M and Ng, Andrew Y and Jordan, Michael I},
  journal={Journal of machine Learning research},
  volume={3},
  number={Jan},
  pages={993--1022},
  year={2003}
}

@inproceedings{teh2005sharing,
  title={Sharing clusters among related groups: Hierarchical Dirichlet processes},
  author={Teh, Yee W and Jordan, Michael I and Beal, Matthew J and Blei, David M},
  booktitle={Advances in neural information processing systems},
  pages={1385--1392},
  year={2005}
}

@article{moody2016mixing,
  title={Mixing Dirichlet Topic Models and Word Embeddings to Make lda2vec},
  author={Moody, Christopher E},
  journal={arXiv preprint arXiv:1605.02019},
  year={2016}
}

@article{srivastava2017autoencoding,
  title={Autoencoding Variational Inference For Topic Models},
  author={Srivastava, Akash and Sutton, Charles},
  journal={International Conference on Learning Representations
},
  year={2017}
}

@inproceedings{mikolov2013,
author = {Mikolov, Tomas and Yih, Scott Wen-tau and Zweig, Geoffrey},
title = {Linguistic Regularities in Continuous Space Word Representations},
booktitle = {Proceedings of the 2013 Conference of the North American Chapter of the Association for Computational Linguistics: Human Language Technologies (NAACL-HLT-2013)},
year = {2013},
month = {May},
publisher = {Association for Computational Linguistics},
address = {},
pages = {},
journal = {},
volume = {},
chapter = {},
isbn = {},
}

@article{joulin2016bag,
  title={Bag of Tricks for Efficient Text Classification},
  author={Joulin, Armand and Grave, Edouard and Bojanowski, Piotr and Mikolov, Tomas},
  journal={arXiv preprint arXiv:1607.01759},
  year={2016}
}

@article{loughran2011liability,
  title={When is a liability not a liability? Textual analysis, dictionaries, and 10-Ks},
  author={Loughran, Tim and McDonald, Bill},
  journal={The Journal of Finance},
  volume={66},
  number={1},
  pages={35--65},
  year={2011},
  publisher={Wiley Online Library}
}

@article{bodnaruk2015using,
  title={Using 10-k text to gauge financial constraints},
  author={Bodnaruk, Andriy and Loughran, Tim and McDonald, Bill},
  journal={Journal of Financial and Quantitative Analysis},
  volume={50},
  number={4},
  pages={623--646},
  year={2015},
  publisher={Cambridge University Press}
}

@inproceedings{Newman2010,
 author = {Newman, David and Lau, Jey Han and Grieser, Karl and Baldwin, Timothy},
 title = {Automatic Evaluation of Topic Coherence},
 booktitle = {Human Language Technologies: The 2010 Annual Conference of the North American Chapter of the Association for Computational Linguistics},
 series = {HLT '10},
 year = {2010},
 isbn = {1-932432-65-5},
 location = {Los Angeles, California},
 pages = {100--108},
 numpages = {9},
 url = {http://dl.acm.org/citation.cfm?id=1857999.1858011},
 acmid = {1858011},
 publisher = {Association for Computational Linguistics},
 address = {Stroudsburg, PA, USA},
} 

@inproceedings{roder2015exploring,
  title={Exploring the space of topic coherence measures},
  author={R{\"o}der, Michael and Both, Andreas and Hinneburg, Alexander},
  booktitle={Proceedings of the eighth ACM international conference on Web search and data mining},
  pages={399--408},
  year={2015},
  organization={ACM}
}

@inproceedings{sievert2014ldavis,
  title={LDAvis: A method for visualizing and interpreting topics},
  author={Sievert, Carson and Shirley, Kenneth E},
  booktitle={Proceedings of the workshop on interactive language learning, visualization, and interfaces},
  pages={63--70},
  year={2014}
}

@article{vanDerMaaten2008,
  added-at = {2015-06-19T12:07:15.000+0200},
  author = {van der Maaten, Laurens and Hinton, Geoffrey},
  biburl = {https://www.bibsonomy.org/bibtex/28b9aebb404ad4a4c6a436ea413550b30/lopusz_kdd},
  interhash = {370ba8b9e1909b61880a6f47c93bcd49},
  intrahash = {8b9aebb404ad4a4c6a436ea413550b30},
  journal = {Journal of Machine Learning Research},
  keywords = {dimensionality_reduction tSNE visualization},
  pages = {2579--2605},
  timestamp = {2015-08-19T15:19:11.000+0200},
  title = {Visualizing Data using {t-SNE} },
  url = {http://www.jmlr.org/papers/v9/vandermaaten08a.html},
  volume = 9,
  year = 2008
}

@article{bollerslev1986generalized,
  title={Generalized autoregressive conditional heteroskedasticity},
  author={Bollerslev, Tim},
  journal={Journal of econometrics},
  volume={31},
  number={3},
  pages={307--327},
  year={1986},
  publisher={Elsevier}
}

@inproceedings{Blei2006,
 author = {Blei, David M. and Lafferty, John D.},
 title = {Dynamic Topic Models},
 booktitle = {Proceedings of the 23rd International Conference on Machine Learning},
 series = {ICML '06},
 year = {2006},
 isbn = {1-59593-383-2},
 location = {Pittsburgh, Pennsylvania, USA},
 pages = {113--120},
 numpages = {8},
 url = {http://doi.acm.org/10.1145/1143844.1143859},
 doi = {10.1145/1143844.1143859},
 acmid = {1143859},
 publisher = {ACM},
 address = {New York, NY, USA},
} 
