@inproceedings{girju2007semeval,
	title={Semeval-2007 task 04: Classification of semantic relations between nominals},
	author={Girju, Roxana and Nakov, Preslav and Nastase, Vivi and Szpakowicz, Stan and Turney, Peter and Yuret, Deniz},
	booktitle={Proceedings of the 4th International Workshop on Semantic Evaluations},
	pages={13--18},
	year={2007},
	organization={Association for Computational Linguistics}
}

@inproceedings{bhattacharyya2016,
	title={Relation Extraction},
	author={Nandakumar and Pushpak Bhattacharyya},
	year={2016},
	organization={Indian Institute of Technology, Bombay}
}

@article{bach2007review,
	title={A Review of Relation Extraction},
	author={Bach, Nguyen and Badaskar, Sameer},
	publisher={Citeseer},
	year={2007}
}

@inproceedings{kambhatla2004combining,
	title={Combining lexical, syntactic, and semantic features with maximum entropy models for extracting relations},
	author={Kambhatla, Nanda},
	booktitle={Proceedings of the ACL 2004 on Interactive poster and demonstration sessions},
	pages={22},
	year={2004},
	organization={Association for Computational Linguistics}
}

@inproceedings{guodong2005exploring,
	title={Exploring various knowledge in relation extraction},
	author={GuoDong, Zhou and Jian, Su and Jie, Zhang and Min, Zhang},
	booktitle={Proceedings of the 43rd annual meeting on association for computational linguistics},
	pages={427--434},
	year={2005},
	organization={Association for Computational Linguistics}
}

@article{miller1990introduction,
	title={Introduction to WordNet: An on-line lexical database},
	author={Miller, George A and Beckwith, Richard and Fellbaum, Christiane and Gross, Derek and Miller, Katherine J},
	journal={International journal of lexicography},
	volume={3},
	number={4},
	pages={235--244},
	year={1990},
	publisher={Oxford Univ Press}
}

@article{lodhi2002text,
  title={Text classification using string kernels},
  author={Lodhi, Huma and Saunders, Craig and Shawe-Taylor, John and Cristianini, Nello and Watkins, Chris},
  journal={Journal of Machine Learning Research},
  volume={2},
  number={Feb},
  pages={419--444},
  year={2002}
}

@article{silva2016semantic,
  title={Semantic Relation Classification: Task Formalisation and Refinement},
  author={Silva, Vivian S and H{\"u}rliman, Manuela and Davis, Brian and Handschuh, Siegfried and Freitas, Andr{\'e}},
  journal={COLING 2016},
  pages={30},
  year={2016}
}

@inproceedings{culotta2004dependency,
	title={Dependency tree kernels for relation extraction},
	author={Culotta, Aron and Sorensen, Jeffrey},
	booktitle={Proceedings of the 42nd Annual Meeting on Association for Computational Linguistics},
	pages={423},
	year={2004},
	organization={Association for Computational Linguistics}
}

@inproceedings{moncecchi2010survey,
	title={A survey of kernel methods for relation extraction},
	author={Moncecchi, Guillermo and Minel, Jean-Luc and Wonsever, Dina},
	booktitle={Workshop on NLP and Web-based technologies},
	year={2010}
}

@article{xu2009robustness,
  title={Robustness and regularization of support vector machines},
  author={Xu, Huan and Caramanis, Constantine and Mannor, Shie},
  journal={Journal of Machine Learning Research},
  volume={10},
  number={Jul},
  pages={1485--1510},
  year={2009}
}

@inproceedings{bunescu2005shortest,
	title={A shortest path dependency kernel for relation extraction},
	author={Bunescu, Razvan C and Mooney, Raymond J},
	booktitle={Proceedings of the conference on human language technology and empirical methods in natural language processing},
	pages={724--731},
	year={2005},
	organization={Association for Computational Linguistics}
}

@inproceedings{mintz2009distant,
	title={Distant supervision for relation extraction without labeled data},
	author={Mintz, Mike and Bills, Steven and Snow, Rion and Jurafsky, Dan},
	booktitle={Proceedings of the Joint Conference of the 47th Annual Meeting of the ACL and the 4th International Joint Conference on Natural Language Processing of the AFNLP: Volume 2-Volume 2},
	pages={1003--1011},
	year={2009},
	organization={Association for Computational Linguistics}
}

@article{attia2016cogalex,
  title={CogALex-V Shared Task: GHHH-Detecting Semantic Relations via Word Embeddings},
  author={Attia, Mohammed and Maharjan, Suraj and Samih, Younes and Kallmeyer, Laura and Solorio, Thamar},
  journal={COLING 2016},
  pages={86},
  year={2016}
}

@article{gerz2016simverb,
  title={Simverb-3500: A large-scale evaluation set of verb similarity},
  author={Gerz, Daniela and Vuli{\'c}, Ivan and Hill, Felix and Reichart, Roi and Korhonen, Anna},
  journal={arXiv preprint arXiv:1608.00869},
  year={2016}
}

@inproceedings{bollacker2008freebase,
	title={Freebase: a collaboratively created graph database for structuring human knowledge},
	author={Bollacker, Kurt and Evans, Colin and Paritosh, Praveen and Sturge, Tim and Taylor, Jamie},
	booktitle={Proceedings of the 2008 ACM SIGMOD international conference on Management of data},
	pages={1247--1250},
	year={2008},
	organization={ACM}
}

@inproceedings{min2013distant,
	title={Distant Supervision for Relation Extraction with an Incomplete Knowledge Base.},
	author={Min, Bonan and Grishman, Ralph and Wan, Li and Wang, Chang and Gondek, David},
	booktitle={HLT-NAACL},
	pages={777--782},
	year={2013}
}

@inproceedings{surdeanu2012multi,
	title={Multi-instance multi-label learning for relation extraction},
	author={Surdeanu, Mihai and Tibshirani, Julie and Nallapati, Ramesh and Manning, Christopher D},
	booktitle={Proceedings of the 2012 Joint Conference on Empirical Methods in Natural Language Processing and Computational Natural Language Learning},
	pages={455--465},
	year={2012},
	organization={Association for Computational Linguistics}
}

@article{ritter2013modeling,
	title={Modeling missing data in distant supervision for information extraction},
	author={Ritter, Alan and Zettlemoyer, Luke and Etzioni, Oren and others},
	journal={Transactions of the Association for Computational Linguistics},
	volume={1},
	pages={367--378},
	year={2013}
}

@inproceedings{agichtein2000snowball,
	title={Snowball: Extracting relations from large plain-text collections},
	author={Agichtein, Eugene and Gravano, Luis},
	booktitle={Proceedings of the fifth ACM conference on Digital libraries},
	pages={85--94},
	year={2000},
	organization={ACM}
}

@inproceedings{brin1998extracting,
	title={Extracting patterns and relations from the world wide web},
	author={Brin, Sergey},
	booktitle={International Workshop on The World Wide Web and Databases},
	pages={172--183},
	year={1998},
	organization={Springer}
}

@article{etzioni2005unsupervised,
	title={Unsupervised named-entity extraction from the web: An experimental study},
	author={Etzioni, Oren and Cafarella, Michael and Downey, Doug and Popescu, Ana-Maria and Shaked, Tal and Soderland, Stephen and Weld, Daniel S and Yates, Alexander},
	journal={Artificial intelligence},
	volume={165},
	number={1},
	pages={91--134},
	year={2005},
	publisher={Elsevier}
}

@inproceedings{banko2007open,
  title={Open Information Extraction from the Web.},
  author={Banko, Michele and Cafarella, Michael J and Soderland, Stephen and Broadhead, Matthew and Etzioni, Oren},
  booktitle={IJCAI},
  volume={7},
  pages={2670--2676},
  year={2007}
}

@inproceedings{augenstein2014relation,
  title={Relation extraction from the web using distant supervision},
  author={Augenstein, Isabelle and Maynard, Diana and Ciravegna, Fabio},
  booktitle={International Conference on Knowledge Engineering and Knowledge Management},
  pages={26--41},
  year={2014},
  organization={Springer}
}

@inproceedings{gamallo2014overview,
  title={An Overview of Open Information Extraction (Invited talk)},
  author={Gamallo, Pablo},
  booktitle={OASIcs-OpenAccess Series in Informatics},
  volume={38},
  year={2014},
  organization={Schloss Dagstuhl-Leibniz-Zentrum fuer Informatik}
}

@article{luhn1958automatic,
  title={The automatic creation of literature abstracts},
  author={Luhn, Hans Peter},
  journal={IBM Journal of research and development},
  volume={2},
  number={2},
  pages={159--165},
  year={1958},
  publisher={IBM}
}

@inproceedings{banko2008tradeoffs,
  title={The Tradeoffs Between Open and Traditional Relation Extraction.},
  author={Banko, Michele and Etzioni, Oren and Center, Turing},
  booktitle={ACL},
  volume={8},
  pages={28--36},
  year={2008}
}

@inproceedings{del2013clausie,
  title={Clausie: clause-based open information extraction},
  author={Del Corro, Luciano and Gemulla, Rainer},
  booktitle={Proceedings of the 22nd international conference on World Wide Web},
  pages={355--366},
  year={2013},
  organization={ACM}
}

@article{VoB16,
  author    = {Duc{-}Thuan Vo and
               Ebrahim Bagheri},
  title     = {Open Information Extraction},
  journal   = {CoRR},
  volume    = {abs/1607.02784},
  year      = {2016},
  url       = {http://arxiv.org/abs/1607.02784},
  timestamp = {Tue, 02 Aug 2016 12:59:27 +0200},
  biburl    = {http://dblp.uni-trier.de/rec/bib/journals/corr/VoB16},
  bibsource = {dblp computer science bibliography, http://dblp.org}
}

@inproceedings{fader2011identifying,
  title={Identifying relations for open information extraction},
  author={Fader, Anthony and Soderland, Stephen and Etzioni, Oren},
  booktitle={Proceedings of the Conference on Empirical Methods in Natural Language Processing},
  pages={1535--1545},
  year={2011},
  organization={Association for Computational Linguistics}
}

@article{mesquita2013effectiveness,
  title={Effectiveness and efficiency of open relation extraction},
  author={Mesquita, Filipe and Schmidek, Jordan and Barbosa, Denilson},
  journal={New York Times},
  volume={500},
  pages={150},
  year={2013}
}

@inproceedings{Hendrickx2010,
 author = {Hendrickx, Iris and Kim, Su Nam and Kozareva, Zornitsa and Nakov, Preslav and S{\'e}aghdha, Diarmuid \'{O}. and Pad\'{o}, Sebastian and Pennacchiotti, Marco and Romano, Lorenza and Szpakowicz, Stan},
 title = {SemEval-2010 Task 8: Multi-way Classification of Semantic Relations Between Pairs of Nominals},
 booktitle = {Proceedings of the 5th International Workshop on Semantic Evaluation},
 series = {SemEval '10},
 year = {2010},
 location = {Los Angeles, California},
 pages = {33--38},
 numpages = {6},
 url = {http://dl.acm.org/citation.cfm?id=1859664.1859670},
 acmid = {1859670},
 publisher = {Association for Computational Linguistics},
 address = {Stroudsburg, PA, USA},
}

@inproceedings{zeng2014relation,
  title={Relation Classification via Convolutional Deep Neural Network.},
  author={Zeng, Daojian and Liu, Kang and Lai, Siwei and Zhou, Guangyou and Zhao, Jun and others},
  booktitle={COLING},
  pages={2335--2344},
  year={2014}
}

@article{SantosXZ15,
  author    = {C{\'{\i}}cero Nogueira dos Santos and
               Bing Xiang and
               Bowen Zhou},
  title     = {Classifying Relations by Ranking with Convolutional Neural Networks},
  journal   = {CoRR},
  volume    = {abs/1504.06580},
  year      = {2015},
  url       = {http://arxiv.org/abs/1504.06580},
  timestamp = {Sat, 02 May 2015 17:50:32 +0200},
  biburl    = {http://dblp.uni-trier.de/rec/bib/journals/corr/SantosXZ15},
  bibsource = {dblp computer science bibliography, http://dblp.org}
}

@inproceedings{rink2010utd,
  title={Utd: Classifying semantic relations by combining lexical and semantic resources},
  author={Rink, Bryan and Harabagiu, Sanda},
  booktitle={Proceedings of the 5th International Workshop on Semantic Evaluation},
  pages={256--259},
  year={2010},
  organization={Association for Computational Linguistics}
}

@article{XuFHZ15,
  author    = {Kun Xu and
               Yansong Feng and
               Songfang Huang and
               Dongyan Zhao},
  title     = {Semantic Relation Classification via Convolutional Neural Networks
               with Simple Negative Sampling},
  journal   = {CoRR},
  volume    = {abs/1506.07650},
  year      = {2015},
  url       = {http://arxiv.org/abs/1506.07650},
  timestamp = {Wed, 01 Jul 2015 15:10:24 +0200},
  biburl    = {http://dblp.uni-trier.de/rec/bib/journals/corr/XuFHZ15},
  bibsource = {dblp computer science bibliography, http://dblp.org}
}

@inproceedings{xu2015classifying,
  title={Classifying relations via long short term memory networks along shortest dependency paths},
  author={Xu, Yan and Mou, Lili and Li, Ge and Chen, Yunchuan and Peng, Hao and Jin, Zhi},
  booktitle={Proceedings of Conference on Empirical Methods in Natural Language Processing (to appear)},
  year={2015}
}

@article{ZhangW15a,
  author    = {Dongxu Zhang and
               Dong Wang},
  title     = {Relation Classification via Recurrent Neural Network},
  journal   = {CoRR},
  volume    = {abs/1508.01006},
  year      = {2015},
  url       = {http://arxiv.org/abs/1508.01006},
  timestamp = {Tue, 01 Sep 2015 14:42:40 +0200},
  biburl    = {http://dblp.uni-trier.de/rec/bib/journals/corr/ZhangW15a},
  bibsource = {dblp computer science bibliography, http://dblp.org}
}

@inproceedings{angeli2014combining,
  title={Combining Distant and Partial Supervision for Relation Extraction.},
  author={Angeli, Gabor and Tibshirani, Julie and Wu, Jean and Manning, Christopher D},
  booktitle={EMNLP},
  pages={1556--1567},
  year={2014}
}

@inproceedings{hendrickx2009semeval,
  title={Semeval-2010 task 8: Multi-way classification of semantic relations between pairs of nominals},
  author={Hendrickx, Iris and Kim, Su Nam and Kozareva, Zornitsa and Nakov, Preslav and {\'O} S{\'e}aghdha, Diarmuid and Pad{\'o}, Sebastian and Pennacchiotti, Marco and Romano, Lorenza and Szpakowicz, Stan},
  booktitle={Proceedings of the Workshop on Semantic Evaluations: Recent Achievements and Future Directions},
  pages={94--99},
  year={2009},
  organization={Association for Computational Linguistics}
}

@inproceedings{nguyen2015relation,
  title={Relation extraction: Perspective from convolutional neural networks},
  author={Nguyen, Thien Huu and Grishman, Ralph},
  booktitle={Proceedings of NAACL-HLT},
  pages={39--48},
  year={2015}
}

@article{NguyenG15,
  author    = {Thien Huu Nguyen and
               Ralph Grishman},
  title     = {Combining Neural Networks and Log-linear Models to Improve Relation
               Extraction},
  journal   = {CoRR},
  volume    = {abs/1511.05926},
  year      = {2015},
  url       = {http://arxiv.org/abs/1511.05926},
  timestamp = {Tue, 01 Dec 2015 19:22:34 +0100},
  biburl    = {http://dblp.uni-trier.de/rec/bib/journals/corr/NguyenG15},
  bibsource = {dblp computer science bibliography, http://dblp.org}
}

@article{XuJMLCLJ16,
  author    = {Yan Xu and
               Ran Jia and
               Lili Mou and
               Ge Li and
               Yunchuan Chen and
               Yangyang Lu and
               Zhi Jin},
  title     = {Improved Relation Classification by Deep Recurrent Neural Networks
               with Data Augmentation},
  journal   = {CoRR},
  volume    = {abs/1601.03651},
  year      = {2016},
  url       = {http://arxiv.org/abs/1601.03651},
  timestamp = {Mon, 01 Feb 2016 15:36:05 +0100},
  biburl    = {http://dblp.uni-trier.de/rec/bib/journals/corr/XuJMLCLJ16},
  bibsource = {dblp computer science bibliography, http://dblp.org}
}

@article{XuMLCPJ15,
  author    = {Yan Xu and
               Lili Mou and
               Ge Li and
               Yunchuan Chen and
               Hao Peng and
               Zhi Jin},
  title     = {Classifying Relations via Long Short Term Memory Networks along Shortest
               Dependency Path},
  journal   = {CoRR},
  volume    = {abs/1508.03720},
  year      = {2015},
  url       = {http://arxiv.org/abs/1508.03720},
  timestamp = {Tue, 01 Sep 2015 14:42:40 +0200},
  biburl    = {http://dblp.uni-trier.de/rec/bib/journals/corr/XuMLCPJ15},
  bibsource = {dblp computer science bibliography, http://dblp.org}
}

@inproceedings{wangrelation,
  author    = {Linlin Wang and
               Zhu Cao and
               Gerard de Melo and
               Zhiyuan Liu},
  title     = {Relation Classification via Multi-Level Attention CNNs},
  booktitle = {Proceedings of the 54th Annual Meeting of the Association for Computational
               Linguistics, {ACL} 2016, August 7-12, 2016, Berlin, Germany, Volume 1: Long Papers},
  year      = {2016},
  crossref  = {DBLP:conf/acl/2016-1},
  url       = {http://aclweb.org/anthology/P/P16/P16-1123.pdf},
  timestamp = {Mon, 15 Aug 2016 20:10:51 +0200},
  biburl    = {http://dblp2.uni-trier.de/rec/bib/conf/acl/WangCML16},
  bibsource = {dblp computer science bibliography, http://dblp.org}
}

@article{miwa2016end,
  title={End-to-end Relation Extraction using LSTMs on Sequences and Tree Structures},
  author={Miwa, Makoto and Bansal, Mohit},
  journal={arXiv preprint arXiv:1601.00770},
  year={2016}
}

@article{yin2017,
  title={Comparative Study of CNN and RNN for Natural Language Processing},
  author={Yin, Wenpeng and Kann, Katharina and Yu, Mo and Schütze, Hinrich},
  journal={arXiv preprint arXiv:1702.01923},
  year={2017}
}

@article{soltani2016higher,
  title={Higher Order Recurrent Neural Networks},
  author={Soltani, Rohollah and Jiang, Hui},
  journal={arXiv preprint arXiv:1605.00064},
  year={2016}
}

@article{vu2016combining,
  title={Combining Recurrent and Convolutional Neural Networks for Relation Classification},
  author={Vu, Ngoc Thang and Adel, Heike and Gupta, Pankaj and Sch{\"u}tze, Hinrich},
  journal={arXiv preprint arXiv:1605.07333},
  year={2016}
}

@article{collobert2011natural,
  title={Natural language processing (almost) from scratch},
  author={Collobert, Ronan and Weston, Jason and Bottou, L{\'e}on and Karlen, Michael and Kavukcuoglu, Koray and Kuksa, Pavel},
  journal={Journal of Machine Learning Research},
  volume={12},
  number={Aug},
  pages={2493--2537},
  year={2011}
}

@article{ZhangW15b,
  author    = {Ye Zhang and
               Byron C. Wallace},
  title     = {A Sensitivity Analysis of (and Practitioners' Guide to) Convolutional
               Neural Networks for Sentence Classification},
  journal   = {CoRR},
  volume    = {abs/1510.03820},
  year      = {2015},
  url       = {http://arxiv.org/abs/1510.03820},
  timestamp = {Thu, 02 Jun 2016 08:46:38 +0200},
  biburl    = {http://dblp.uni-trier.de/rec/bib/journals/corr/ZhangW15b},
  bibsource = {dblp computer science bibliography, http://dblp.org}
}

@inproceedings{glorot2010understanding,
  title={Understanding the difficulty of training deep feedforward neural networks.},
  author={Glorot, Xavier and Bengio, Yoshua},
  booktitle={Aistats},
  volume={9},
  pages={249--256},
  year={2010}
}

@Inbook{LeCun2012,
author="LeCun, Yann A.
and Bottou, L{\'e}on
and Orr, Genevieve B.
and M{\"u}ller, Klaus-Robert",
editor="Montavon, Gr{\'e}goire
and Orr, Genevi{\`e}ve B.
and M{\"u}ller, Klaus-Robert",
title="Efficient BackProp",
bookTitle="Neural Networks: Tricks of the Trade: Second Edition",
year="2012",
publisher="Springer Berlin Heidelberg",
address="Berlin, Heidelberg",
pages="9--48",
isbn="978-3-642-35289-8",
doi="10.1007/978-3-642-35289-8_3",
url="http://dx.doi.org/10.1007/978-3-642-35289-8_3"
}

@article{KingmaB14,
  author    = {Diederik P. Kingma and
               Jimmy Ba},
  title     = {Adam: {A} Method for Stochastic Optimization},
  journal   = {CoRR},
  volume    = {abs/1412.6980},
  year      = {2014},
  url       = {http://arxiv.org/abs/1412.6980},
  timestamp = {Thu, 01 Jan 2015 19:51:08 +0100},
  biburl    = {http://dblp.uni-trier.de/rec/bib/journals/corr/KingmaB14},
  bibsource = {dblp computer science bibliography, http://dblp.org}
}

@inproceedings{dos2014deep,
  title={Deep Convolutional Neural Networks for Sentiment Analysis of Short Texts.},
  author={dos Santos, C{\'\i}cero Nogueira and Gatti, Maira},
  booktitle={COLING},
  pages={69--78},
  year={2014}
}

@article{MikolovSCCD13,
  author    = {Tomas Mikolov and
               Ilya Sutskever and
               Kai Chen and
               Greg Corrado and
               Jeffrey Dean},
  title     = {Distributed Representations of Words and Phrases and their Compositionality},
  journal   = {CoRR},
  volume    = {abs/1310.4546},
  year      = {2013},
  url       = {http://arxiv.org/abs/1310.4546},
  timestamp = {Thu, 07 May 2015 20:02:01 +0200},
  biburl    = {http://dblp.uni-trier.de/rec/bib/journals/corr/MikolovSCCD13},
  bibsource = {dblp computer science bibliography, http://dblp.org}
}

@inproceedings{mikolov2013distributed,
  title={Distributed representations of words and phrases and their compositionality},
  author={Mikolov, Tomas and Sutskever, Ilya and Chen, Kai and Corrado, Greg S and Dean, Jeff},
  booktitle={Advances in neural information processing systems},
  pages={3111--3119},
  year={2013}
}

@article{levy2015improving,
  title={Improving distributional similarity with lessons learned from word embeddings},
  author={Levy, Omer and Goldberg, Yoav and Dagan, Ido},
  journal={Transactions of the Association for Computational Linguistics},
  volume={3},
  pages={211--225},
  year={2015}
}

@article{chiu2016train,
  title={How to train good word embeddings for biomedical NLP},
  author={Chiu, Billy and Crichton, Gamal and Korhonen, Anna and Pyysalo, Sampo},
  journal={ACL 2016},
  pages={166},
  year={2016}
}

@article{SpeerC16,
  author    = {Robert Speer and
               Joshua Chin},
  title     = {An Ensemble Method to Produce High-Quality Word Embeddings},
  journal   = {CoRR},
  volume    = {abs/1604.01692},
  year      = {2016},
  url       = {http://arxiv.org/abs/1604.01692},
  timestamp = {Mon, 02 May 2016 18:22:52 +0200},
  biburl    = {http://dblp.uni-trier.de/rec/bib/journals/corr/SpeerC16},
  bibsource = {dblp computer science bibliography, http://dblp.org}
}

@article{erhan2010does,
  title={Why does unsupervised pre-training help deep learning?},
  author={Erhan, Dumitru and Bengio, Yoshua and Courville, Aaron and Manzagol, Pierre-Antoine and Vincent, Pascal and Bengio, Samy},
  journal={Journal of Machine Learning Research},
  volume={11},
  number={Feb},
  pages={625--660},
  year={2010}
}

@article{bergstra2012random,
  title={Random search for hyper-parameter optimization},
  author={Bergstra, James and Bengio, Yoshua},
  journal={Journal of Machine Learning Research},
  volume={13},
  number={Feb},
  pages={281--305},
  year={2012}
}

@article{abs-1206-5533,
  author    = {Yoshua Bengio},
  title     = {Practical recommendations for gradient-based training of deep architectures},
  journal   = {CoRR},
  volume    = {abs/1206.5533},
  year      = {2012},
  url       = {http://arxiv.org/abs/1206.5533},
  timestamp = {Wed, 10 Oct 2012 21:28:53 +0200},
  biburl    = {http://dblp.uni-trier.de/rec/bib/journals/corr/abs-1206-5533},
  bibsource = {dblp computer science bibliography, http://dblp.org}
}

@Inbook{Prechelt2012,
author="Prechelt, Lutz",
editor="Montavon, Gr{\'e}goire
and Orr, Genevi{\`e}ve B.
and M{\"u}ller, Klaus-Robert",
title="Early Stopping --- But When?",
bookTitle="Neural Networks: Tricks of the Trade: Second Edition",
year="2012",
publisher="Springer Berlin Heidelberg",
address="Berlin, Heidelberg",
pages="53--67",
isbn="978-3-642-35289-8",
doi="10.1007/978-3-642-35289-8_5",
url="http://dx.doi.org/10.1007/978-3-642-35289-8_5"
}

@inproceedings{Socher2012,
 author = {Socher, Richard and Huval, Brody and Manning, Christopher D. and Ng, Andrew Y.},
 title = {Semantic Compositionality Through Recursive Matrix-vector Spaces},
 booktitle = {Proceedings of the 2012 Joint Conference on Empirical Methods in Natural Language Processing and Computational Natural Language Learning},
 series = {EMNLP-CoNLL '12},
 year = {2012},
 location = {Jeju Island, Korea},
 pages = {1201--1211},
 numpages = {11},
 url = {http://dl.acm.org/citation.cfm?id=2390948.2391084},
 acmid = {2391084},
 publisher = {Association for Computational Linguistics},
 address = {Stroudsburg, PA, USA},
} 

@article{LiuWLJZW15,
  author    = {Yang Liu and
               Furu Wei and
               Sujian Li and
               Heng Ji and
               Ming Zhou and
               Houfeng Wang},
  title     = {A Dependency-Based Neural Network for Relation Classification},
  journal   = {CoRR},
  volume    = {abs/1507.04646},
  year      = {2015},
  url       = {http://arxiv.org/abs/1507.04646},
  timestamp = {Sun, 02 Aug 2015 18:42:03 +0200},
  biburl    = {http://dblp.uni-trier.de/rec/bib/journals/corr/LiuWLJZW15},
  bibsource = {dblp computer science bibliography, http://dblp.org}
}

@ARTICLE{Fundel07relexrelationextraction,
    author = {Katrin Fundel and Robert Küffner and Ralf Zimmer and Satoru Miyano},
    title = {RelEx–Relation extraction using dependency parse trees},
    journal = {Bioinformatics},
    year = {2007},
    volume = {23}
}

@inproceedings{chen2014,
  author    = {Yun{-}Nung Chen and
               Dilek Hakkani{-}T{\"{u}}r and
               G{\"{o}}khan T{\"{u}}r},
  title     = {Deriving local relational surface forms from dependency-based entity
               embeddings for unsupervised spoken language understanding},
  booktitle = {2014 {IEEE} Spoken Language Technology Workshop, {SLT} 2014, South
               Lake Tahoe, NV, USA, December 7-10, 2014},
  pages     = {242--247},
  year      = {2014},
  crossref  = {DBLP:conf/slt/2014},
  url       = {http://dx.doi.org/10.1109/SLT.2014.7078581},
  doi       = {10.1109/SLT.2014.7078581},
  timestamp = {Thu, 09 Apr 2015 17:33:43 +0200},
  biburl    = {http://dblp.uni-trier.de/rec/bib/conf/slt/ChenHT14},
  bibsource = {dblp computer science bibliography, http://dblp.org}
}

@inproceedings{caibidirectional,
  author    = {Rui Cai and
               Xiaodong Zhang and
               Houfeng Wang},
  title     = {Bidirectional Recurrent Convolutional Neural Network for Relation
               Classification},
  booktitle = {Proceedings of the 54th Annual Meeting of the Association for Computational
               Linguistics, {ACL} 2016, August 7-12, 2016, Berlin, Germany, Volume
               1: Long Papers},
  year      = {2016},
  crossref  = {DBLP:conf/acl/2016-1},
  url       = {http://aclweb.org/anthology/P/P16/P16-1072.pdf},
  timestamp = {Mon, 15 Aug 2016 15:53:28 +0200},
  biburl    = {http://dblp.uni-trier.de/rec/bib/conf/acl/CaiZW16},
  bibsource = {dblp computer science bibliography, http://dblp.org}
}

@inproceedings{Ciaramita2006,
 author = {Ciaramita, Massimiliano and Altun, Yasemin},
 title = {Broad-coverage Sense Disambiguation and Information Extraction with a Supersense Sequence Tagger},
 booktitle = {Proceedings of the 2006 Conference on Empirical Methods in Natural Language Processing},
 series = {EMNLP '06},
 year = {2006},
 isbn = {1-932432-73-6},
 location = {Sydney, Australia},
 pages = {594--602},
 numpages = {9},
 url = {http://dl.acm.org/citation.cfm?id=1610075.1610158},
 acmid = {1610158},
 publisher = {Association for Computational Linguistics},
 address = {Stroudsburg, PA, USA},
} 

@inproceedings{chen2014fast,
  title={A Fast and Accurate Dependency Parser using Neural Networks.},
  author={Chen, Danqi and Manning, Christopher D},
  booktitle={EMNLP},
  pages={740--750},
  year={2014}
}

@InProceedings{manningEtAl2014,
  author    = {Manning, Christopher D. and  Surdeanu, Mihai  and  Bauer, John  and  Finkel, Jenny  and  Bethard, Steven J. and  McClosky, David},
  title     = {The {Stanford} {CoreNLP} Natural Language Processing Toolkit},
  booktitle = {Association for Computational Linguistics (ACL) System Demonstrations},
  year      = {2014},
  pages     = {55--60},
  url       = {http://www.aclweb.org/anthology/P/P14/P14-5010}
}

@article{hochreiter1997long,
  title={Long short-term memory},
  author={Hochreiter, Sepp and Schmidhuber, J{\"u}rgen},
  journal={Neural computation},
  volume={9},
  number={8},
  pages={1735--1780},
  year={1997},
  publisher={MIT Press}
}

@article{zaremba2014recurrent,
  title={Recurrent neural network regularization},
  author={Zaremba, Wojciech and Sutskever, Ilya and Vinyals, Oriol},
  journal={arXiv preprint arXiv:1409.2329},
  year={2014}
}

@article{Srivastava2014,
 author = {Srivastava, Nitish and Hinton, Geoffrey and Krizhevsky, Alex and Sutskever, Ilya and Salakhutdinov, Ruslan},
 title = {Dropout: A Simple Way to Prevent Neural Networks from Overfitting},
 journal = {J. Mach. Learn. Res.},
 issue_date = {January 2014},
 volume = {15},
 number = {1},
 month = jan,
 year = {2014},
 issn = {1532-4435},
 pages = {1929--1958},
 numpages = {30},
 url = {http://dl.acm.org/citation.cfm?id=2627435.2670313},
 acmid = {2670313},
 publisher = {JMLR.org},
 keywords = {deep learning, model combination, neural networks, regularization},
} 

@inproceedings{yu_factor-based_2014,
    author = {Yu, Mo and Gormley, Matthew R. and Dredze, Mark},
    title = {Factor-based Compositional Embedding Models},
    booktitle = {The {NIPS} 2014 Learning Semantics Workshop},
    month = {December},
    year = {2014}
}

@article{ZhangL15,
  author    = {Xiang Zhang and
               Yann LeCun},
  title     = {Text Understanding from Scratch},
  journal   = {CoRR},
  volume    = {abs/1502.01710},
  year      = {2015},
  url       = {http://arxiv.org/abs/1502.01710},
  timestamp = {Mon, 02 Mar 2015 14:17:34 +0100},
  biburl    = {http://dblp.uni-trier.de/rec/bib/journals/corr/ZhangL15},
  bibsource = {dblp computer science bibliography, http://dblp.org}
}

@incollection{Fellbaum2005,
	year = {2005},
	editor = {Alex Barber},
	publisher = {Elsevier},
	pages = {2--665},
	title = {WordNet and Wordnets},
	author = {Christiane Fellbaum},
	booktitle = {Encyclopedia of Language and Linguistics}
}

@article{VijayaraghavanS16,
  author    = {Prashanth Vijayaraghavan and
               Ivan Sysoev and
               Soroush Vosoughi and
               Deb Roy},
  title     = {DeepStance at SemEval-2016 Task 6: Detecting Stance in Tweets Using
               Character and Word-Level CNNs},
  journal   = {CoRR},
  volume    = {abs/1606.05694},
  year      = {2016},
  url       = {http://arxiv.org/abs/1606.05694},
  timestamp = {Fri, 01 Jul 2016 17:39:49 +0200},
  biburl    = {http://dblp.uni-trier.de/rec/bib/journals/corr/VijayaraghavanS16},
  bibsource = {dblp computer science bibliography, http://dblp.org}
}

@inproceedings{WangY15,
  author    = {William Yang Wang and
               Diyi Yang},
  title     = {That's So Annoying!!!: {A} Lexical and Frame-Semantic Embedding Based
               Data Augmentation Approach to Automatic Categorization of Annoying
               Behaviors using {\#}petpeeve Tweets},
  booktitle = {Proceedings of the 2015 Conference on Empirical Methods in Natural
               Language Processing, {EMNLP} 2015, Lisbon, Portugal, September 17-21,
               2015},
  pages     = {2557--2563},
  year      = {2015},
  crossref  = {DBLP:conf/emnlp/2015},
  url       = {http://aclweb.org/anthology/D/D15/D15-1306.pdf},
  timestamp = {Wed, 14 Oct 2015 09:56:24 +0200},
  biburl    = {http://dblp2.uni-trier.de/rec/bib/conf/emnlp/WangY15},
  bibsource = {dblp computer science bibliography, http://dblp.org}
}

@inproceedings{Dong2014KVW,
 author = {Dong, Xin and Gabrilovich, Evgeniy and Heitz, Geremy and Horn, Wilko and Lao, Ni and Murphy, Kevin and Strohmann, Thomas and Sun, Shaohua and Zhang, Wei},
 title = {Knowledge Vault: A Web-scale Approach to Probabilistic Knowledge Fusion},
 booktitle = {Proceedings of the 20th ACM SIGKDD International Conference on Knowledge Discovery and Data Mining},
 series = {KDD '14},
 year = {2014},
 isbn = {978-1-4503-2956-9},
 location = {New York, New York, USA},
 pages = {601--610},
 numpages = {10},
 url = {http://doi.acm.org/10.1145/2623330.2623623},
 doi = {10.1145/2623330.2623623},
 acmid = {2623623},
 publisher = {ACM},
 address = {New York, NY, USA},
 keywords = {information extraction, knowledge bases, machine learning, probabilistic models},
} 

@article{Louvain,
  abstract = {We propose a simple method to extract the community structure of large networks. Our method is a heuristic method that is based on modularity optimization. It is shown to outperform all other known community detection methods in terms of computation time. Moreover, the quality of the communities detected is very good, as measured by the so-called modularity. This is shown first by identifying language communities in a Belgian mobile phone network of 2 million customers and by analysing a web graph of 118 million nodes and more than one billion links. The accuracy of our algorithm is also verified on ad hoc modular networks.},
  added-at = {2013-07-05T12:18:31.000+0200},
  author = {Blondel, Vincent D and Guillaume, Jean-Loup and Lambiotte, Renaud and Lefebvre, Etienne},
  biburl = {https://www.bibsonomy.org/bibtex/27855df1049bee476ad64ee3c29c29f0f/asmelash},
  description = {Fast unfolding of communities in large networks - Abstract - Journal of Statistical Mechanics: Theory and Experiment - IOPscience},
  interhash = {65254c1a703db2ce225cee4b56ea12ae},
  intrahash = {7855df1049bee476ad64ee3c29c29f0f},
  journal = {Journal of Statistical Mechanics: Theory and Experiment},
  keywords = {clustering communities networks visualization},
  number = 10,
  pages = {P10008},
  timestamp = {2013-07-05T12:18:32.000+0200},
  title = {Fast unfolding of communities in large networks},
  url = {http://stacks.iop.org/1742-5468/2008/i=10/a=P10008},
  volume = 2008,
  year = 2008
}

@inproceedings{Lao2011,
 author = {Lao, Ni and Mitchell, Tom and Cohen, William W.},
 title = {Random Walk Inference and Learning in a Large Scale Knowledge Base},
 booktitle = {Proceedings of the Conference on Empirical Methods in Natural Language Processing},
 series = {EMNLP '11},
 year = {2011},
 isbn = {978-1-937284-11-4},
 location = {Edinburgh, United Kingdom},
 pages = {529--539},
 numpages = {11},
 url = {http://dl.acm.org/citation.cfm?id=2145432.2145494},
 acmid = {2145494},
 publisher = {Association for Computational Linguistics},
 address = {Stroudsburg, PA, USA},
}

@inproceedings{girju2007semeval,
  title={Semeval-2007 task 04: Classification of semantic relations between nominals},
  author={Girju, Roxana and Nakov, Preslav and Nastase, Vivi and Szpakowicz, Stan and Turney, Peter and Yuret, Deniz},
  booktitle={Proceedings of the 4th International Workshop on Semantic Evaluations},
  pages={13--18},
  year={2007},
  organization={Association for Computational Linguistics}
}

@inproceedings{davis2006relationship,
  title={The relationship between Precision-Recall and ROC curves},
  author={Davis, Jesse and Goadrich, Mark},
  booktitle={Proceedings of the 23rd international conference on Machine learning},
  pages={233--240},
  year={2006},
  organization={ACM}
}

@article{fawcett2006introduction,
  title={An introduction to ROC analysis},
  author={Fawcett, Tom},
  journal={Pattern recognition letters},
  volume={27},
  number={8},
  pages={861--874},
  year={2006},
  publisher={Elsevier}
}

@article{bojanowski2016enriching,
  title={Enriching Word Vectors with Subword Information},
  author={Bojanowski, Piotr and Grave, Edouard and Joulin, Armand and Mikolov, Tomas},
  journal={arXiv preprint arXiv:1607.04606},
  year={2016}
}